@inproceedings{adam2021dual,
	title={Dual parameterization of sparse variational {G}aussian processes},
	author={Adam, Vincent and Chang, Paul and Khan, Mohammad Emtiyaz E and Solin, Arno},
	booktitle={Advances in Neural Information Processing Systems 34 (NeurIPS)},
	pages={11474--11486},
	year={2021},
        publisher={Curran Associates, Inc.}
}

%@inproceedings{khan2019approximate,
%  title={Approximate inference turns deep networks into {G}aussian processes},
%  author={Khan, Mohammad Emtiyaz E and Immer, Alexander and Abedi, Ehsan and Korzepa, Maciej},
%  booktitle={Advances in Neural Information Processing Systems 32 (NeurIPS)},
%  pages={3094--3104},
%  publisher={Curran Associates, Inc.},
%  year={2019}
%}

@inproceedings{immer2021improving,
    Author = {Immer, Alexander and Korzepa, Maciej and Bauer, Matthias},
    Booktitle = {Proceedings of The 24th International Conference on Artificial Intelligence and Statistics ({AISTATS})},
    Title = {Improving predictions of {B}ayesian neural nets via local linearization},
    Year = {2021},
    pages = {703--711},
    volume = 	 {130},
    series = 	 {Proceedings of Machine Learning Research},
    publisher = {PMLR}
}  
